@online{gitrepo,
    author      = {Paolo Bettelini},
    title       = {trimap-matting},
    year        = {2022},
    publisher   = {GitHub},
    journal     = {GitHub repository},
    url         = {https://github.com/paolobettelini/trimap-matting}
}
@misc{matte,
    author = "{Wikipedia contributors}",
    title = "Matte (filmmaking) --- {Wikipedia}{,} The Free Encyclopedia",
    year = "2022",
    howpublished = "\url{https://en.wikipedia.org/w/index.php?title=Matte_(filmmaking)&oldid=1127451547}",
    note = "[Online; accessed 18-January-2023]"
}